2772 4745
645 455 662 485 x
835 401 1473 470 -ὅόΊ--ν-

155 567 626 646 cohortaretur,
669 567 776 634 im
819 589 988 635 vero
1029 591 1276 656 parum
1322 569 1382 635 ei
1433 569 1891 650 attenderent,
1932 569 2211 634 tandem

155 670 501 754 indignatus
565 670 920 738 neminem
981 672 1274 741 admisit.
1363 669 1601 760 Quare
1650 683 1717 738 et
1760 671 2131 757 Diogenem
2172 676 2227 732 a*

153 794 252 836 suo
273 773 580 838 convictu
609 774 883 862 repulit.
973 771 1213 864 Quum
1255 795 1421 839 vero
1454 773 1663 858 magis
1690 773 1985 845 assiduus
2016 769 2213 834 ades-

153 887 229 939 set
288 874 344 938 ei
383 875 726 960 Diogenes
787 887 856 940 et
942 876 1330 940 inhaereret
1359 923 1380 951 ,
1484 891 1631 942 tum
1681 897 1841 953 vero
1922 874 2274 940 minatus·

153 977 320 1040 etiam
367 989 466 1042 est
505 999 580 1040 se
626 977 868 1042 baculo
913 977 1108 1042 illum
1149 999 1671 1066 percussurum,
1750 989 1816 1042 et
1852 965 2215 1062 aliquando

151 1079 321 1144 etiam
353 1081 688 1166 percussit
719 1082 790 1145 in
821 1091 1050 1168 caput.
1097 1081 1186 1148 At
1211 1079 1324 1146 ille
1347 1104 1487 1146 non
1512 1081 1829 1160 iecessit‚
1863 1079 1975 1143 sed
2008 1075 2235 1140 etiam

145 1181 330 1266 magis
373 1182 622 1258 institit
651 1183 948 1248 studiose
977 1181 1213 1246 audire
1239 1203 1399 1248 eum
1428 1183 1849 1261 desiderans,
1894 1191 1963 1246 et
1995 1177 2211 1242 dixitz

150 1284 244 1351 Tu
259 1297 540 1370 percute
577 1284 816 1366 modo,
861 1285 926 1348 si
951 1285 1094 1365 vis,
1139 1295 1218 1361 at
1247 1307 1374 1374 ego
1423 1297 1635 1371 caput
1674 1285 1803 1350 tibi
1837 1277 2215 1372 praebeIm,

147 1409 340 1473 neque
386 1387 578 1452 enim
621 1398 771 1451 tam
809 1385 1064 1451 durum
1105 1388 1447 1454 inveneris
1479 1387 1795 1476 jicstem,
1866 1395 1941 1448 ut
2000 1403 2109 1446 me
2170 1401 2219 1444 a

149 1489 270 1553 tuis
293 1487 890 1580 dissertationibqs
923 1487 1194 1578 abigas.
1281 1489 1405 1556 me
1443 1511 1609 1554 vero
1654 1511 1741 1554 ex
1790 1509 1871 1552 eo
1912 1497 2220 1574 tempore

160 1591 449 1656 maximo
481 1592 678 1658 illum
719 1611 950 1656 amore
985 1591 1533 1682 amplectebatur.

426 1693 558 1759 Ex
614 1692 1075 1758 Diatribis
1135 1717 1354 1786 quae
1414 1702 1909 1782 supersunt.

305 1819 364 1862 ι.
421 1793 676 1862 Omnia
713 1815 872 1860 sane
917 1795 1096 1860 mala
1141 1796 1294 1882 plus
1335 1807 1589 1862 tex-rere
1630 1797 1845 1861 solent
1894 1815 2045 1876 eos,
2105 1790 2226 1877 qui

38 1969 40 1978 ,
143 1898 278 1988 ipsa
307 1899 542 1964 futura
570 1907 988 1984 exspectant,
1033 1919 1260 1988 quam,
1311 1897 1431 1960 ubi
1460 1897 1599 1980 jam
1628 1895 2023 1976 acciderint,
2068 1917 2226 1959 mo-

38 2073 40 2086 ,
147 2003 390 2068 lestare.
471 2001 700 2065 Metus
728 2011 958 2064 autem
987 2009 1130 2062 tam
1158 1997 1513 2086 improbus
1541 2009 1671 2078 est,
1716 2011 1795 2064 ut
1827 1997 2025 2064 multi
2051 2021 2223 2080 rem,

149 2122 340 2186 quam
367 2113 712 2176 metuunt,
743 2101 1015 2189 ipsimet
1041 2099 1430 2189 anticipent,
1475 2109 1575 2179 ut,
1606 2097 1721 2184 qui
1758 2097 1832 2164 in
1861 2098 2015 2164 navi
2044 2109 2223 2166 tem-

36 2187 40 2310 i'
147 2216 396 2291 pestate
437 2197 932 2293 periclitamur,
979 2223 1118 2268 non
1157 2209 1545 2290 exspectata
1576 2197 2038 2267 submersione
2068 2225 2225 2266 ma-

147 2305 249 2387 ris,
276 2329 562 2372 manum
591 2305 720 2379 sibi
749 2306 944 2395 ptius
965 2301 1292 2372 inferunt.
1355 2301 1727 2389 [sichaeus
1748 2295 1980 2370 'Serm-
2024 2301 2105 2372 V
2094 2303 2225 2374 ΙΙΙ·

155 2409 228 2475 de
257 2411 643 2477 timiditate
667 2408 954 2499 p0180.]

307 2532 370 2581 2.
415 2518 652 2598 Itaque
693 2510 946 2597 justitia
983 2508 1272 2578 multam
1309 2507 1537 2575 adfert
1576 2506 1805 2575 animo
1844 2506 2232 2595 tranquilli-

155 2626 370 2683 tatem.
469 2614 836 2682 Neminem
897 2612 1084 2679 enim
1143 2612 1497 2677 timentem
1552 2632 1677 2677 nec
1718 2609 2231 2679 erubescentem

155 2718 372 2783 vivere
413 2720 722 2806 voluptas
777 2714 1108 2803 quaedam
1157 2725 1260 2779 est
1303 2724 1370 2777 et
1414 2712 1607 2797 quasi
1642 2711 2049 2779 sufficieutia
2088 2714 2236 2779 sive

153 2822 476 2909 perfectio
523 2822 726 2887 vitae.
815 2818 1130 2887 Ceterum
1171 2814 1292 2901 qui
1327 2814 1651 2899 justitiam
1676 2816 1905 2881 animo
1932 2816 2238 2903 compl-e-

151 2926 388 3005 mitur,
443 2945 588 2989 non
633 2924 852 2989 solum
895 2918 1044 2985 aliis
1084 2917 1268 2983 utilis
1313 2928 1443 2995 est,
1498 2916 1617 2981 sed
1654 2918 1859 2985 etiam
1902 2917 2033 3005 ipsi
2082 2916 2235 2985 sibi.

149 3026 296 3089 Non
337 3025 526 3091 enim
567 3022 924 3091 conabitur
967 3020 1110 3087 ulla
1150 3040 1238 3083 ex
1281 3028 1479 3107 parte
1513 3039 1581 3082 se
1618 3020 1841 3107 ipsum
1872 3018 2235 3097 offendere,
2318 3019 2340 3041 ‘
2440 3030 2449 3037 '

151 3149 366 3213 neque
409 3127 624 3193 ullius
660 3126 785 3192 sibi
818 3118 1064 3189 doloris
1091 3131 1210 3185 aut
1238 3120 1459 3190 fnorbi
1488 3132 1721 3187 auctor
1748 3122 1907 3201 erit,
1956 3122 2070 3187 sed
2106 3114 2239 3186 nrt-⁶

157 3238 344 3293 turae
399 3229 853 3295 instrumenta
899 3216 1207 3290 sensibus
1259 3222 1589 3289 destinata
1648 3224 1809 3289 deos
1850 3224 2239 3289 existimans

155 3350 324 3413 esse,
365 3332 541 3415 juste
589 3330 754 3419 ipsis
781 3338 1040 3409 utetur,
1087 3334 1156 3389 et
1177 3346 1271 3389 ne
1291 3322 1462 3409 quid
1490 3344 1694 3409 supra
1719 3324 2025 3413 ipsorum
2054 3326 2238 3391 vires

143 3444 326 3520 agat,
369 3434 678 3501 maxime
703 3451 970 3509 cavens,
1011 3426 1431 3513 voluptatem
1458 3426 1947 3523 utilitatemque
1980 3450 2071 3494 ex
2106 3428 2239 3493 illis

141 3536 380 3623 capiet.
463 3533 748 3603 Etenim
781 3530 866 3597 ab
915 3530 1192 3602 auditu,
1247 3525 1435 3607 visu,
1494 3510 1829 3601 alimentis,
1878 3544 1947 3597 et
1986 3552 2243 3599 venere

143 3640 542 3727 contingent
575 3636 952 3723 voluptates
993 3630 1092 3713 ei,
1137 3629 1254 3717 qui
1301 3653 1370 3695 se
1415 3629 1562 3715 ipso
1600 3631 1777 3715 juste
1824 3654 1983 3699 usus
2012 3630 2240 3699 fuerit.

143 3738 284 3831 Qui
322 3756 560 3807 autem
605 3758 678 3800 se
721 3736 870 3825 ipso
913 3756 1052 3799 non
1091 3733 1272 3819 juste
1321 3754 1485 3797 usus
1514 3730 1759 3817 fuerit,
1802 3734 1902 3800 illi
1938 3736 2244 3823 pericula

141 3844 316 3907 cirea
359 3839 658 3908 maximi
699 3836 1032 3905 momenti
1075 3846 1142 3899 et
1180 3833 1460 3899 omnino
1506 3839 1909 3903 necessarias
1934 3860 2043 3903 res
2075 3860 2247 3903 con-

155 3944 440 4029 tingunt.
527 3944 784 4010 Annon
811 3938 1069 4015 vidisti,
1101 3928 1431 4025 quosdam
1456 3948 1687 4005 noctes
1718 3940 1989 4026 diesque
2020 3940 2247 4005 animo

154 4048 578 4125 perturbatos
605 4044 686 4111 in
715 4066 910 4111 mare
935 4040 1316 4126 fluviosque
1344 4040 1618 4105 tandem
1650 4053 1909 4110 temere
1936 4064 2007 4107 so
2045 4060 2249 4129 prae-

157 4148 458 4235 cipitasse
478 4150 512 4217 ’ἒ
599 4145 818 4239 [Stob.
851 4144 1072 4218 Serm.
1099 4142 1231 4212 IX.
1260 4142 1342 4209 de
1358 4143 1707 4234 justitia]
