2772 4745
785 417 1475 487 *425—

143 582 532 663 dementatis,
583 581 818 673 ipsius.
847 581 1028 649 vitae
1073 590 1451 647 contemtus
1490 564 1730 647 auctor
1772 577 2050 652 existit..
2088 610 2176 653 *2-

141 686 212 751 Ut
251 688 448 751 rubus
491 687 568 753 iu
613 684 978 752 solitudine
1018 682 1335 749 flammae
1375 682 1549 769 ignis
1592 682 1819 749 illaeso
1857 686 2021 753 vitat
2066 686 2177 753 in-

141 786 370 869 cendia3
399 788 496 855 sic
522 800 590 853 et
621 787 731 852 vir
749 800 994 865 castus,
1031 784 1399 851 mulierum
1425 794 1653 871 spreta
1676 790 2177 874 consuetudine,
2265 791 2271 799 ’

139 888 392 956 libidinis
440 890 684 957 ardore
725 912 860 955 non
895 888 1230 955 exuritur.
1315 887 1489 953 Nam
1521 886 1601 951 ut
1639 886 1808 973 ignis
1852 881 2177 961 recorda-2
2218 950 2227 957 .

137 991 211 1055 tio
235 1004 521 1059 mentem
547 992 686 1058 non
717 992 896 1072 urit3
922 992 1016 1057 sie
1045 1014 1166 1056 nec
1199 990 1430 1069 libido,
1469 1009 1607 1053 non
1646 1006 1996 1079 praesente
2024 1020 2179 1065 ma·-

141 1094 304 1175 teria,
329 1096 694 1161 admodum
711 1109 962 1161 nocete
953 1092 1211 1269 possit.
1241 1126 1328 1142 —-
1355 1090 1428 1159 Si
1456 1091 1768 1161 misertus
1796 1082 2001 1163 hostis
2026 1098 2183 1165 sue·

141 1298 510 1389 peperceris,
553 1298 630 1365 iu
670 1311 743 1365 te
782 1298 1090 1385 insurget
1125 1320 1204 1363 ae
1249 1295 1687 1385 oppugnabit.
1734 1332 1817 1347 --
1876 1302 2187 1379 Mulieris

143 1413 409 1487 aspectus
446 1399 870 1489 impudicum
911 1400 1262 1467 hominem
1318 1398 1403 1464 ad
1464 1368 1815 1467 libidinem
1862 1406 2183 1491 proritat3

144 1501 236 1583 qui
268 1524 422 1567 vero
449 1502 702 1591 ,pudici
743 1503 1036 1592 pectoris
1061 1502 1184 1583 sit,
1227 1500 1312 1567 ad
1343 1500 1453 1565 dei
1480 1501 2049 1575 excitet'laudem.
2094 1548 2183 1563 —

145 1598 197 1667 Si
218 1601 278 1666 in
291 1603 628 1692 colloquiis
654 1602 1016 1669 mulierum
1039 1624 1414 1689 earumque
1438 1606 1925 1673 consuetudine
1957 1612 2187 1681 sedata
2294 1654 2313 1671 .

140 1702 316 1769 libido
343 1706 444 1787 sit,
487 1731 580 1773 ne
607 1718 832 1773 tamen
860 1708 918 1772 ei
943 1704 1112 1770 fidas
1135 1704 1326 1791 quasi
1350 1706 2019 1795 imperturbationem
2035 1702 2183 1797 jam'

144 1808 482 1892 pollicentiq
525 1830 688 1877 nam
721 1821 792 1875 et
815 1809 1018 1891 canis,
1051 1830 1207 1874 cum
1249 1809 1451 1875 turba
1478 1810 1682 1892 abest,
1716 1811 2185 1901 obblandiens,

147 1928 405 1993 egressus
431 1910 644 1993 feras,
671 1922 846 1999 quae
871 1932 964 1977 ex
989 1908 1260 1996 iugenio
1281 1922 1403 1990 est,
1432 1911 1935 1999 improbitatem
1952 1929 2187 1985 osten-

149 2008 238 2077 dit.
275 2050 351 2063 —
391 2014 572 2098 Cum
603 2016 792 2081 nulla
815 2012 1094 2081 libidine
1126 2011 1354 2081 animo
1384 2023 1696 2107 occurret
1724 2016 2045 2100 mulieris]
2074 2044 2187 2092 re·-

151 2115 426 2195 coi-datio,
469 2128 626 2185 tum
658 2117 972 2183 castitatis
999 2127 1068 2181 te
1107 2127 1364 2183 metam
1400 2102 1783 2184 existimato
1807 2124 2187 2193 assecutum

151 2237 278 2283 esse.
351 2220 440 2287 At
475 2242 636 2285 cum
664 2217 885 2306 imago
933 2242 1012 2284 ac
1047 2216 1370 2289 simulam
1372 2239 1492 2283 um
1524 2217 1980 2287 considerandi
2012 2226 2193 2295 desi-

151 2316 302 2385 derio
341 2320 767 2404 excitaverit,
824 2320 1272 2409 membraque
1319 2319 1502 2386 illius
1564 2320 1791 2407 animo
1846 2322 2191 2415 implicata
2295 2314 2313 2333 Ι

151 2421 550 2534 cohaeserint,
593 2435 760 2489 tunc
789 2447 826 2490 a
819 2417 1113 2491 virtute
1143 2424 1370 2490 abesse
1400 2434 1467 2487 te
1494 2433 1663 2510 puta
1706 2445 1911 2510 quam
1933 2427 2191 2520 longis..

153 2521 307 2590 sime.
385 2529 482 2595 Ac
509 2549 604 2592 ne
633 2527 1071 2614 sicquidem
1049 2549 1124 2592 m
1159 2523 1489 2612 ejusmodi
1519 2524 2080 2610 cogitationibus
2054 2555 2195 2600 im-

153 2629 432 2716 moreris,
473 2651 604 2696 nec
643 2629 948 2696 mulieris
1001 2628 1299 2711 formam
1343 2626 1683 2698 morosius
1712 2627 1939 2714 auimo
1969 2637 2197 2706 consi..

158 2727 302 2796 ders.
381 2729 688 2800 Subinde
713 2731 896 2798 euim
921 2732 1128 2802 libido
1153 2715 1558 2810 revertitur,
1600 2741 1669 2794 et
1706 2729 1779 2796 in
1804 2734 2193 2824 propinquo

153 2833 492 2916 periculum
533 2846 789 2900 manet.
874 2831 992 2898 Uti
1055 2834 1235 2898 euim
1287 2853 1463 2918 quse
1504 2831 1665 2920 igne
1706 2844 1829 2900 est
1844 2836 2199 2909 moderata

159 2933 424 3000 conflatio
455 2947 818 3020 argentum
849 2947 1132 3023 purgat,
1174 2933 1620 3002 immoderata
1660 2947 1885 3002 autem
1910 2942 2199 3032 (quippe

159 3033 264 3116 jam
294 3040 429 3126 ipsa
456 3037 802 3126 superflua
833 3039 1182 3126 vanaque)
1215 3033 1413 3102 facile
1450 3037 1678 3124 perdit·
1686 3061 1711 3120 3
1754 3037 1845 3105 sic
1886 3043 2198 3112 mulieris

159 3143 452 3206 morosior
506 3142 742 3206 anime
784 3141 1094 3234 cogitatio
1135 3139 1450 3207 castitatis
1474 3147 1729 3204 statum
1754 3137 2199 3232 habitumque

160 3245 513 3328 corrumpit.
607 3241 825 3317 Cave,
860 3267 948 3308 ne
977 3243 1098 3310 diu
1139 3251 1302 3307 ante
1342 3241 1573 3306 oculos
1604 3239 1909 3314 mulieris
1947 3245 2200 3331 species

157 3339 564 3420 obversetur.
607 3367 694 3412 ne
735 3343 1111 3434 cupiditatis
1155 3342 1382 3428 ignem
1428 3341 1781 3429 accendat,
1826 3352 1896 3408 et
1936 3345 2203 3416 animae

159 3451 286 3512 tuae
309 3471 536 3516 aream
564 3457 824 3520 exurat.
917 3443 1517 3536 Quemadmodum
1555 3444 1737 3514 enim
1776 3447 2065 3518 scintilla
2088 3453 2203 3518 iu-

163 3554 241 3610 ter
269 3551 486 3632 paleas
531 3549 784 3637 diutius
825 3573 1096 3616 moians
1141 3547 1383 3630 excitat
1424 3547 1810 3634 flammam3
1852 3549 1946 3616 sic
1979 3564 2204 3634 tenax
2288 3569 2300 3574 “

109 3728 120 3741 ·
161 3649 354 3718 animo
391 3653 698 3722 mulieris
739 3651 1073 3720 memoria
1109 3671 1185 3715 ac
1213 3649 1527 3734 cogitatio
1570 3646 1865 3746 libidinis
1890 3647 2205 3725 incendia

163 3755 454 3824 accendit.
529 3771 536 3780 ‘
873 3769 902 3776 “’

635 3943 790 4012 DE
868 3940 1508 4016 AVARITIA
1582 3941 1727 4014 111.

306 4064 658 4137 Malorum
687 4063 992 4130 omnium
1022 4061 1220 4148 radix
1247 4074 1347 4148 est
1363 4061 1693 4142 'avaritia3
1716 4072 1787 4128 et
1810 4060 2210 4148 aliquavi-

173 4159 248 4227 fia
286 4175 608 4254 tanquam
649 4189 874 4236 ramos
907 4166 1250 4256 improbos
1277 4166 1537 4259 untrit3
1596 4187 1755 4244 neo,
1794 4184 1967 4250 quae
1997 4185 2089 4232 ex
2128 4187 2209 4232 ea
