2772 4745
842 481 1037 507 -—--
1118 460 1526 522 445.-—-—-

186 623 416 690 exaltat.
466 609 551 672 4-
607 619 805 688 Bulla
841 614 1105 711 direpta
1144 631 1539 704 evanescet,
1599 641 1680 687 ac
1715 621 1986 712 superbi
2032 623 2212 710 perit

182 722 491 792 memoria.
528 756 618 774 -
661 723 811 792 Viri
838 723 1119 788 humilis
1157 745 1379 790 sermo
1407 723 1788 792 fomentum
1835 725 2044 793 animi
2075 737 2209 807 θείς

179 826 407 912 superbi
460 835 687 894 autem
741 826 979 916 plenus
1034 835 1135 890 est
1210 827 1613 912 arrogantia.
1717 825 1870 896 Viri
1929 827 2208 892 humilis

178 925 356 992 oratio
388 925 582 994 deum
612 939 883 1010 exorat3
941 925 1215 1016 superbi
1260 949 1428 994 vero
1465 928 1766 1018 precatio
1807 928 1984 994 illius
2029 929 2202 996 iram

182 1040 487 1116 provocat.
526 1065 611 1084 --
653 1029 1027 1119 Fastigium
1052 1028 1295 1096 domus
1324 1023 1694 1116 humilitas,
1737 1043 1802 1098 et
1829 1032 2207 1098 ascenden·-

183 1144 289 1226 teni
318 1143 531 1230 servat
568 1132 1005 1210 incolumem.
1096 1131 1273 1198 Cum
1309 1133 1641 1201 virtutum
1671 1135 1948 1203 culmen
1971 1157 2210 1200 ascen-
2313 1133 2326 1146 ’

179 1233 351 1314 deris,
392 1247 536 1301 tum
576 1257 823 1323 magna
861 1235 989 1300 tibi
1033 1255 1205 1321 opus
1241 1245 1340 1298 est
1368 1233 1688 1300 custodia.
1774 1237 1946 1304 Nam
1975 1237 2208 1324 quiex
2332 1266 2336 1274 ¹

176 1333 375 1404 humili
398 1339 537 1404 solo
562 1338 775 1418 cadit,
819 1337 1120 1402 celeriter
1144 1335 1400 1421 surgit3
1442 1347 1514 1402 at
1572 1338 1690 1424 qui
1730 1360 1822 1405 ex
1865 1341 2042 1422 alto,
2087 1339 2206 1405 vi-

178 1447 259 1503 tae
282 1437 627 1507 discrimen
652 1437 817 1504 adit.
861 1473 931 1488 -·
986 1435 1187 1528 Lapis
1224 1437 1566 1525 pretiosus
1607 1439 1680 1506 in
1705 1461 1914 1506 aureo
1944 1441 2202 1508 annulo
2322 1471 2348 1486 ν

177 1537 412 1606 decorus
445 1553 583 1624 est3
628 1551 701 1605 et
728 1539 805 1606 in
838 1539 1173 1608 virtutum
1208 1561 1458 1606 torona
1483 1538 1728 1610 inserta
1761 1541 1892 1608 viri
1921 1542 2208 1610 humili-

176 1649 253 1706 tas
278 1641 689 1732 splendescit.
2157 1721 2164 1728 ‚

310 1745 475 1813 Sunt
496 1746 666 1812 haec
694 1742 1093 1810 universalia
1120 1744 1309 1825 vitia,
1340 1765 1512 1830 quae
1541 1744 1938 1832 impugnant
1956 1747 2204 1814 Mona..

174 1846 362 1930 chum,
402 1843 1243 1936 quemadmodnm‘Sancti
1264 1847 1498 1912 Patres
1526 1845 1936 1931 docuerunt3
1981 1849 2203 1918 Gulae

174 1949 413 2032 scilicet,
454 1947 925 2032 scortationis,
967 1945 1341 2028 Avaritiae,
1384 1945 1570 2028 Irae,
1612 1949 1980 2032 Tristitiae,
2023 1955 2204 2022 Ace-

174 2049 313 2134 diae,
350 2053 573 2120 Inania
604 2039 855 2138 gloriae
896 2061 965 2116 et
988 2047 1373 2135 Superbiae.
1427 2033 1564 2118 'Ac
1592 2051 1890 2140 quinque
1927 2057 2205 2144 quidem

174 2175 260 2218 eos
298 2155 725 2245 impugnant,
799 2153 917 2241 qui
959 2149 1233 2219 solitarii
1282 2152 1542 2240 solique
1597 2153 1726 2219 sibi
1788 2179 1867 2222 ac
1933 2158 2215 2228 silentio

172 2269 369 2342 agenn
413 2259 541 2325 tria
580 2278 747 2322 vero
776 2279 927 2339 eos,
969 2253 1085 2342 qui
1128 2253 1408 2331 obnoxii
1450 2255 1890 2344 praesidentis
1917 2259 2202 2352 imperio

174 2359 459 2427 sanctiore
498 2357 811 2427 instituto
854 2357 1099 2425 sociam
1131 2357 1345 2423 vitam
1391 2357 1669 2439 vivunt3
1713 2359 2204 2434 For-nicationis

172 2460 379 2529 scilicet
422 2474 488 2529 et
518 2458 865 2552 Avaritiae
908 2472 978 2525 et
1000 2462 1181 2527 Irae:
1228 2449 1675 2549 quamobrem
1725 2461 1926 2528 etiam
1977 2466 2204 2552 primo

170 2560 289 2627 loco
324 2562 403 2629 de
440 2564 577 2631 illis
609 2562 920 2629 instituta
966 2560 1273 2626 tractatio
1324 2570 1440 2627 est.
1527 2558 2042 2629 Observandum
2085 2580 2202 2651 est,

170 2674 279 2729 tres
302 2688 432 2733 esse
460 2665 845 2753 corporales
891 2674 1156 2738 motus;
1198 2682 1422 2727 unum
1461 2663 1871 2745 naturalem,
1913 2666 2200 2737 alterum

172 2788 303 2835 vero
334 2792 417 2836 ex
434 2765 860 2857 negligentia,
887 2776 1086 2857 atque
1115 2766 1396 2831 tertium
1416 2786 1500 2831 ex
1517 2764 1924 2831 daemonum
1941 2758 2202 2839 afflatu.

309 2872 482 2961 Quid
510 2870 641 2937 sibi
654 2869 892 2934 volunt
908 2871 1142 2935 decem
1157 2866 1510 2956 Virginea?
1555 2866 1740 2957 Quia
1763 2866 1970 2936 homo
1999 2873 2206 2959 quin..

174 2974 517 3058 quementis
536 2986 775 3037 sensus
790 2970 1013 3051 babet,
1042 2968 1281 3057 quibus
1294 2968 1624 3061 percipiat
1649 2992 1750 3047 ea,
1776 2994 1952 3060 quae
1977 2987 2207 3043 mente

172 3074 635 3163 intelliguntur3
682 3084 748 3140 et
792 3073 1091 3159 quinque
1134 3072 1550 3159 corporales,
1594 3072 1833 3157 quibus
1851 3076 2206 3163 ‘percipiat

172 3196 249 3249 ca,
286 3198 447 3263 quae
466 3178 849 3243 insensum
893 3175 1177 3246 cadunt3
1238 3172 1505 3240 videtur
1543 3172 1635 3237 sic
1679 3172 1854 3240 dicta
1881 3177 2206 3265 parabola
2307 3215 2315 3228 =

173 3276 427 3367 singulos
453 3300 761 3367 quosque
791 3277 1180 3343 subnolare.
1268 3272 1598 3363 Quisquis
1643 3273 1850 3362 igitur
1878 3280 2023 3366 ejus
2053 3280 2206 3349 vir..

173 3382 324 3461 tutis,
366 3404 541 3469 qnae
570 3381 831 3445 actione
856 3378 1132 3465 geritur,
1162 3374 1547 3465 lampadem
1577 3375 1785 3442 habet
1803 3428 1822 3461 ,
1865 3381 2206 3471 habetque

172 3482 387 3567 pariter
410 3482 731 3550 scientiae
758 3483 1019 3561 oleum,
1051 3478 1233 3567 quod
1269 3478 1598 3563 irriguum
1617 3493 1907 3567 praestet
1926 3488 2203 3575 (nempe
2263 3573 2271 3581 θ
2342 3550 2368 3561 ,

174 3600 299 3649 cum
323 3584 593 3651 scientia
620 3584 821 3649 etiam
852 3584 1277 3668 conjunctam
1320 3580 1722 3665 actionem),
1763 3583 1820 3649 is
1848 3584 2200 3670 nimirum,

170 3684 339 3751 misso
364 3688 752 3773 subjugum
781 3707 1089 3775 corpore,
1134 3686 1416 3770 ejusque
1439 3685 1740 3760 sensibus
1771 3690 2018 3755 mentis
2041 3713 2203 3757 sen-

170 3782 330 3853 sibus·
348 3788 709 3877 copulatis,
753 3786 1047 3875 quinque
1088 3787 1456 3873 prudentes
1484 3787 1794 3875 Virgines
1833 3788 2052 3858 factus
2077 3803 2198 3857 est.

170 3882 461 3977 Quisquis
501 3914 667 3957 vero
706 3890 978 3957 videtur
1019 3888 1239 3953 colere
1284 3888 1608 3959 actionem
1624 3939 1643 3972 ,
1689 3912 1843 3957 cum
1891 3889 2200 3957 scientiae

171 3987 297 4055 oleo
336 4005 587 4075 careat,
628 3992 745 4059 sed
794 4003 909 4058 aut
950 3986 1171 4055 Inanis
1214 3988 1466 4072 gloriae
1511 4012 1746 4073 causa,
1788 4002 1907 4056 aut
1955 3990 2200 4075 Gulae,

170 4108 269 4155 ceu
296 4092 487 4160 etiam
510 4096 871 4177 Avaritiae,
912 4092 1007 4159 illi
1036 4090 1331 4171 studeat3
1389 4090 1468 4173 is,
1497 4090 1708 4158 versis
1741 4091 1956 4159 animi
1984 4093 2198 4161 sensi·

172 4184 275 4257 hus
310 4196 389 4263 ad
414 4196 747 4265 sensibilia
794 4218 877 4263 ac
918 4207 1388 4282 temporanea,
1428 4195 1646 4282 iisque
1669 4192 1952 4262 omuino
1979 4206 2198 4270 terre-

2711 1005 2713 1026 —
2711 941 2713 966 -
2703 469 2715 928 ψ--α-.-.-ῌΑι.-,-.
2703 356 2713 456 μ’-..
2711 307 2713 316 -
