2772 4745
798 423 1486 520 *²3¹⁸*-

57 643 59 652 .
144 585 241 658 tiri
256 590 493 675 justum
516 607 681 656 esse.
766 586 966 654 Dicat
992 583 1208 674 igitur
1226 582 1564 673 quispiam
1593 585 1688 650 ita
1727 595 2020 652 tractare
2047 585 2067 652 i
2077 587 2188 651 ni-

140 693 319 758 mione
344 703 530 780 turpe
546 701 615 756 et
626 689 1023 782 improbum
1042 719 1061 757 ε
1098 685 1534 758 amicissimos
1550 709 1716 754 vere
1733 693 2186 775 nequaquam,

140 791 403 882 exempli
428 813 630 858 eausa
654 805 989 883 parentes.
1046 792 1121 864 si
1146 791 1331 860 enim
1356 800 1628 882 oportet
1647 801 1912 880 patrem
1939 804 2006 856 et
2033 814 2188 886 ma·-

138 910 293 964 trem
316 895 874 964 medicamentum
904 895 1255 984 deglutire,
1286 916 1416 960 nec
1429 893 1642 977 volet,
1681 915 1908 960 annon
1935 891 2186 978 justum

138 1013 223 1066 est
256 999 471 1066 sorbili
508 999 807 1086 quodam
850 1011 969 1068 aut
1006 1009 1172 1088 potu
1224 997 1550 1065 diffusum
1589 997 1938 1084 porrigere
1969 1009 2039 1061 et
2070 997 2186 1061 in·-

136 1125 251 1168 esse
290 1101 756 1184 dissimulare?
798 1103 1065 1170 Justum
1092 1101 1299 1190 igitur
1326 1111 1640 1188 parentes
1677 1099 2030 1164 mendacio
2055 1097 2190 1164 fal-

130 1207 267 1284 lere,
306 1215 379 1271 ut
404 1215 475 1269 et
512 1203 865 1294 subripere
895 1205 1073 1272 bona
1104 1203 1506 1284 amicornm,
1547 1213 1610 1266 et
1637 1191 2010 1267 carissimis
2038 1202 2185 1266 vim

129 1303 371 1372 inferre.
450 1305 629 1372 Nam
660 1308 717 1374 si
746 1305 895 1393 quis
926 1306 1019 1372 ob
1044 1326 1157 1374 res
1182 1303 1532 1402 *quasdam
1561 1299 1930 1387 familiares
1953 1305 2188 1390 gravi-

135 1421 225 1472 ter
272 1405 529 1474 tristitia
585 1407 885 1476 adfectus
934 1407 1067 1475 sibi
1130 1410 1347 1476 letum
1409 1407 1818 1474 consciscere
1861 1409 2192 1494 cogitaret

132 1513 223 1576 vel
263 1512 403 1577 ensi
440 1511 557 1578 vel
600 1509 763 1578 resti
800 1511 911 1580 vel
952 1510 1087 1578 alio
1114 1513 1246 1578 telo
1260 1558 1283 1595 ,
1350 1531 1582 1578 annon
1617 1509 1876 1596 justum
1917 1525 2018 1574 est
2058 1507 2194 1576 hoc

128 1615 481 1683 clanculum
515 1614 904 1705 subripere,
948 1614 1007 1681 si
1040 1613 1192 1700 quis
1234 1611 1484 1702 possit,
1527 1623 1652 1678 aut
1687 1613 1745 1680 si
1771 1611 2033 1679 tardior
2061 1615 2190 1680 ad·-
2303 1683 2310 1690 ,

126 1717 373 1784 veniens
411 1718 557 1804 jam
594 1717 668 1784 in
704 1715 1017 1786 nauibus
1058 1717 1426 1791 habentem
1461 1715 2018 1806 deprehenderit,
2063 1739 2190 1804 per

126 1821 245 1884 vim
272 1817 599 1890 auferre?
656 1819 835 1912 Quis
878 1839 1181 1907 unquam
1220 1815 1597 1900 dubitavit,
1655 1839 1888 1884 annon
1928 1821 2188 1902 justum

126 1933 305 2006 esset,
348 1921 658 1989 inimicos
684 1924 757 1990 in
796 1920 1198 1995 servitutem
1224 1943 1490 2011 rapere,
1532 1921 1822 2001 simodo
1847 1920 1996 2008 quis
2025 1944 2192 2012 pos-

126 2037 209 2090 set
237 2035 505 2114 captam
535 2023 867 2092 civitatem
893 2023 1181 2091 reddere
1210 2023 1560 2092 libertati?
1603 2021 1738 2092 Sed
1769 2034 1840 2088 et
1863 2023 2057 2090 aedes
2087 2023 2191 2090 ci-

124 2129 287 2194 vium
328 2140 725 2196 nostrorum
767 2125 1073 2215 publicas
1112 2147 1564 2217 perrumpere
1585 2129 1842 2213 justum
1879 2125 2188 2194 videtum
2249 2157 2256 2163 ·

124 2251 253 2294 nam
281 2233 335 2294 si
368 2241 569 2320 pater
590 2227 1025 2296 inimicorum
1051 2226 1345 2296 factione
1392 2227 1752 2318 oppressus
1789 2229 1870 2295 in
1897 2229 2190 2296 vinculis

125 2333 193 2399 ad
218 2343 511 2403 mortem
550 2341 979 2415 servaretur,
1035 2349 1263 2401 annon
1310 2333 1578 2419 justum
1625 2345 1727 2399 est
1767 2329 2192 2421 effringendo

124 2414 447 2501 carcerem
484 2433 799 2522 abripere
836 2446 1107 2525 patrem
1150 2446 1221 2501 et
1254 2434 1593 2503 liberare?
1647 2436 1792 2505 Nec
1831 2456 1972 2501 non
2000 2436 2196 2524 peje-

124 2560 275 2605 rare.
360 2536 441 2604 Si
478 2536 631 2625 quis
660 2536 845 2603 enim
873 2536 963 2603 ab
1006 2536 1311 2605 hostibus
1340 2550 1580 2628 captus
1615 2541 2004 2625 juramen-to
2031 2537 2192 2603 dato

126 2640 447 2728 spondeat,
486 2660 563 2705 se
590 2638 935 2707 dimissum
960 2634 1201 2707 urbem
1232 2662 1424 2707 suam
1449 2640 1906 2731 proditurum,
1957 2660 2048 2706 an
2071 2636 2192 2705 isse

125 2756 327 2809 sancte
352 2742 721 2819 observans
764 2743 944 2825 justa
964 2746 1293 2834 peragetZ
1336 2744 1484 2830 Ego
1523 2754 1712 2821 certe,
1733 2741 1998 2812 nonita
2027 2762 2192 2809 sen·-

120 2846 230 2913 tio:
268 2846 391 2913 sed
422 2844 699 2931 potius,
738 2844 798 2910 si
830 2844 1173 2913 civitatem
1212 2868 1408 2913 suam
1453 2856 1526 2911 et
1562 2844 1817 2913 amicos
1839 2856 1909 2910 et
1936 2846 2192 2934 templa

122 2948 313 3037 patria
332 2949 663 3040 perjurus
680 2959 1051 3015 conservet.
1094 2949 1412 3033 Pejerare
1425 2946 1634 3037 igitur
1651 2949 2190 3037 (nonnunquam)

124 3055 351 3137 justum
400 3061 541 3131 est,
582 3061 663 3115 ut
700 3060 770 3115 et
814 3070 1008 3117 sacra
1050 3050 1360 3140 spoliare.
1461 3044 1661 3141 Quae
1716 3047 2048 3139 privatim
2107 3048 2193 3113 ad

124 3148 478 3241 quamlibet
526 3149 867 3220 civitatem
903 3164 1239 3241 spectant,
1294 3154 1806 3252 praetermitt03
1845 3149 1962 3217 sed
1991 3151 2192 3217 totius

126 3258 425 3325 Graeciae
452 3274 645 3321 sacra
690 3252 963 3345 publica
1006 3280 1045 3323 e
1067 3244 1349 3347 Delphis
1379 3268 1446 3323 et
1477 3254 1832 3344 Olympia,
1874 3274 2032 3319 eum
2067 3274 2195 3343 pe·-

124 3360 397 3429 ricnlum
426 3357 552 3441 sit,
594 3380 687 3425 ne
728 3356 1001 3424 barbari
1033 3358 1390 3427 Graeciam
1423 3358 1903 3459 subjugarent,
1949 3368 2020 3422 et
2045 3380 2196 3445 spes

123 3464 327 3531 salutis
354 3462 435 3529 in
462 3460 610 3527 sola
637 3460 927 3549 pecunia
956 3473 1271 3551 ponatur,
1312 3467 1540 3531 annon
1567 3467 1828 3547 justum
1853 3471 1960 3527 est
1990 3460 2194 3527 desu-

124 3589 287 3632 mere
316 3564 495 3631 etin
528 3562 683 3657 belii
704 3584 861 3633 usus
889 3565 1171 3631 allocare
1188 3564 1221 3629 ’ἓ
1262 3566 1531 3633 Justum
1571 3566 1772 3633 etiam
1812 3559 2192 3629 carissimos
2235 3592 2238 3596 ·

126 3691 381 3755 necare,
422 3688 585 3733 cnm
630 3666 703 3732 id
742 3664 1029 3733 fecerint
1056 3666 1325 3736 Orestes
1368 3680 1440 3735 et
1465 3666 1868 3749 Alcmaeon,
1915 3676 1986 3731 et
2019 3668 2193 3752 juste

124 3768 339 3838 fecisse
362 3772 441 3837 in
470 3770 751 3840 oraculo
767 3770 1253 3857 pronunciavit
1276 3770 1461 3838 deus.
1545 3770 1654 3839 Ad
1681 3782 1858 3839 artes
1883 3792 2000 3837 me
2026 3788 2194 3836 con-

124 3888 301 3941 verto
358 3886 426 3940 et
478 3884 837 3961 poetarum
892 3874 1218 3962 inprimis.
1312 3874 1586 3941 Etenim
1635 3870 1716 3941 in'
1763 3870 2196 3940 conficiendis

126 3973 465 4065 tragoediis
520 3988 587 4043 et
634 3973 955 4065 pingendi
1008 3974 1360 4066 disciplina
1408 3976 1528 4063 qui
1585 3976 1960 4070 plurimum
2000 3974 2194 4042 fallit.

125 4083 285 4145 veris
312 4078 617 4147 maxime
646 4077 889 4146 similia
928 4078 1339 4168 confingens,
1378 4078 1440 4147 ia
1461 4080 1780 4171 optimus.
1868 4080 2190 4149 Veterum

122 4193 329 4249 autem
350 4192 663 4273 poemata
692 4180 763 4247 in
781 4180 1239 4253 testimonium
1268 4182 1554 4253 afferam
1573 4232 1590 4251 .
1635 4180 2098 4251 Cleobulinesz
