2772 4745
848 415 1536 477 ---.‘229---

184 580 509 650 commodi.
580 577 879 668 Quintae
906 575 1141 666 plures,
1158 602 1315 646 oum
1342 577 1656 668 sophistis
1689 599 2042 668 nunquam
2077 577 2242 650 ver-

181 698 331 752 satos
362 681 655 750 celebres
682 694 909 746 tamen
946 681 1245 748 evasisse.

320 782 677 850 Caeterum
724 805 845 869 ego
882 781 1069 850 hunc
1096 806 1482 853 sermonem
1519 781 1718 854 {raldo
1747 785 2016 854 fatuum
2051 785 2270 855 arbi-·

174 899 319 954 tror.
401 887 673 954 Etenim
698 885 912 974 probe
924 885 1104 967 novi,
1134 899 1600 976 praeceptores
1629 889 1875 968 literas,
1921 901 1990 953 et
2019 889 2238 974 citha-

174 991 336 1054 ristas
378 1000 597 1064 artem
638 987 965 1055 citharam
991 991 1305 1078 pulsandi
1350 991 1630 1072 docere,
1675 1013 1972 1078 quorum
2004 1001 2238 1072 tamen

173 1090 275 1181 ipsi
298 1089 489 1178 periti
518 1103 814 1156 manent.
886 1091 987 1158 Ad
1016 1095 1375 1160 secundam
1402 1092 1776 1160 rationem:
1813 1093 2068 1157 multos
2104 1091 2238 1157 ha-

178 1192 290 1258 beri
327 1192 707 1279 magistros:
752 1193 913 1281 q'uid
946 1195 1127 1260 aliud
1160 1197 1403 1262 docent
1425 1189 1806 1282 sophistae,
1853 1217 2058 1281 quam
2087 1193 2236 1260 vir-

172 1305 351 1360 tutem
378 1305 447 1356 et
471 1294 906 1388 sapientiam?
922 1309 1053 1374 ¹aut
1068 1291 1277 1384 quare
1294 1299 1728 1387 appellantur
1745 1296 2027 1385 quidam
2049 1295 2236 1362 Ana·
2295 1294 2328 1346 -'

170 1397 409 1482 xagorei
439 1406 561 1460 aut
593 1397 1045 1484 Pythagorei?
1150 1401 1195 1466 d
1236 1402 1545 1466 tertiam:
1589 1399 1968 1488 Polycletus
2012 1395 2230 1464 filium

46 1490 48 1501 '
108 1483 122 1504 ¹
169 1523 339 1564 suum
380 1499 747 1568 simulacra
783 1499 1039 1588 fingere
1082 1503 1331 1573 docuit.
1415 1505 1506 1572 Et
1545 1503 1604 1570 si
1631 1503 1784 1594 quis
1814 1501 2064 1567 docere
2094 1523 2234 1566 non

46 1634 48 1645 =
168 1605 349 1683 volet,
389 1601 567 1668 illud
618 1623 1047 1690 nequaquam
1091 1605 1333 1692 arguit.
1422 1603 1556 1674 Sed
1598 1607 1654 1673 si
1695 1605 1888 1688 licet,
1945 1609 2236 1683 constat,

169 1707 319 1792 quod
352 1703 581 1770 doceri
620 1715 857 1792 potest.
945 1706 1050 1774 Ad
1097 1720 1412 1793 quartam
1455 1705 1870 1797 respondem
1930 1705 2118 1797 Quid
2172 1705 2233 1771 si
2305 1713 2312 1720 '

44 1800 48 1867 .’
168 1808 409 1895 qni'dam
454 1805 791 1900 sophistas
835 1809 1071 1876 doctos
1113 1810 1475 1891 adeuntes,
1547 1810 1678 1900 ipsi
1717 1808 2050 1898 sapientes
2095 1829 2237 1874 non

166 1909 517 1976 evaserint?
572 1911 743 1976 Nam
792 1921 861 1976 et
902 1912 1124 1977 literas
1172 1912 1502 1980 discen—tes
1548 1915 1774 2003 plures
1819 1934 1958 1978 non
2001 1923 2236 1976 tamen

163 2014 507 2101 attingunt3
569 2011 821 2077 etenim
866 2013 1163 2080 multum
1206 2015 1394 2082 valet
1427 2015 1706 2082 indoles.
1799 2009 1874 2082 Si
1921 2013 2072 2101 quis
2103 2035 2234 2080 au·-
2277 2085 2289 2094 ,

46 2180 49 2187 ,
165 2127 275 2179 tem
300 2115 756 2203 sophistarum
798 2117 1133 2182 consortio
1172 2141 1311 2184 non
1359 2131 1590 2200 utens,
1645 2118 1935 2184 idoneus
1995 2139 2234 2182 evase·-

163 2216 265 2296 rit,
302 2241 553 2307 nempe
594 2218 651 2282 is
690 2216 872 2284 felici
907 2207 1177 2306 ingenio
1218 2231 1420 2308 aptus
1451 2229 1648 2287 natus
1679 2219 1814 2291 fuit
1857 2242 2076 2304 pauca
2119 2219 2234 2284 di·-

162 2321 375 2388 scendo
388 2321 682 2387 multam
712 2321 1095 2391 doctrinam
1124 2323 1472 2411 arriperet
1517 2333 1598 2389 ut
1621 2345 1664 2388 a
1702 2323 1955 2410 quibus
1987 2343 2230 2389 rerum

160 2422 405 2490 nomina
434 2423 795 2506 discimus:
856 2437 923 2492 et
966 2424 1133 2491 haec
1174 2438 1363 2491 certe
1403 2424 1768 2512 aliquando
1799 2425 2046 2513 magis,
2097 2426 2232 2491 ali-

160 2528 397 2614 quando
440 2526 713 2597 miuus}
770 2528 1021 2615 partim
1067 2553 1108 2597 a
1150 2542 1377 2618 patre,
1421 2530 1672 2616 partim
1717 2550 1875 2593 vero
1921 2550 1958 2593 a
1991 2538 2231 2595 matre.

160 2626 269 2697 Sed
294 2629 347 2693 si
375 2628 529 2717 quis
558 2652 700 2695 non
732 2630 981 2709 credat,
1010 2632 1291 2698 nomina
1321 2628 1606 2701 addisci.
1652 2628 1764 2694 sed
1799 2618 1954 2703 eum
2007 2627 2231 2699 scien-

160 2733 235 2797 tia
273 2734 561 2819 quadam
604 2730 803 2797 simul
851 2733 1143 2808 exoriri,
1182 2734 1345 2799 inde
1382 2741 1758 2817 cognoscat.
1823 2730 1899 2799 Si
1943 2730 2094 2819 quis
2117 2729 2230 2796 in·-

156 2834 387 2901 fantem
412 2832 667 2914 statim,
712 2846 1070 2923 postquam
1097 2850 1297 2905 natus
1339 2848 1455 2917 est,
1513 2834 1586 2899 in
1614 2832 1912 2933 Persia'yn
1964 2833 2228 2917 mittat,

158 2936 351 3023 ibique
376 2936 625 3003 educet
656 2936 963 3003 Graecae
997 2938 1271 3027 linguae
1294 2940 1642 3027 ignarum,
1687 2936 1952 3001 Persice
1981 2936 2229 3021 loque-

158 3050 253 3103 tur
272 3066 291 3103 :
328 3038 383 3106 si
410 3040 803 3127 quempiam
832 3039 925 3105 ibi
956 3056 1197 3109 natum
1218 3042 1355 3109 huc
1382 3050 1904 3125 transportaret,
1958 3038 2222 3105 Graece

158 3140 312 3209 sciet.
395 3148 503 3209 Ita
534 3146 745 3211 verba
779 3144 1221 3227 addiscimus,
1267 3150 1741 3233 praeceptores
1755 3165 1908 3208 ..non
1937 3140 2219 3206 auscul-

46 3285 48 3290 ·
158 3255 368 3312 tentes.
468 3246 545 3314 si
590 3264 1007 3330 sermonem,
1056 3269 1261 3331 quem
1290 3246 1596 3335 primum
1645 3242 1826 3325 dixi,
1888 3242 2224 3328 redargui,

158 3346 567 3437 principium,
610 3350 911 3416 medium
930 3372 1006 3415 ac
1032 3348 1238 3417 finem
1273 3345 1501 3413 habes.
1521 3364 1540 3379 ‘
1590 3344 1730 3411 Nec
1761 3340 2046 3425 affirmo,
2077 3344 2226 3410 vir-

154 3458 347 3515 tutem
382 3452 613 3541 doceri
644 3474 860 3541 posse.
878 3480 895 3493 ·
938 3450 1082 3520 Sed
1116 3474 1256 3519 non
1284 3449 1458 3517 mihi
1495 3446 1937 3538 satisfaciunt-
1953 3449 2080 3517 ista
2108 3468 2226 3512 ar·-

155 3566 474 3633 gumenta.
936 3536 970 3569 ⁸
1156 3544 1162 3551 ⁶

302 3658 393 3723 At
432 3651 709 3743 quidam
750 3658 1106 3747 populares
1144 3656 1646 3726 concionatores
1677 3655 1996 3749 afferunt,
2039 3652 2224 3741 quod

156 3770 403 3841 oportet
450 3762 885 3847 magistratus
924 3772 1103 3826 sorte
1146 3752 1477 3842 coi'iferri,
1537 3784 1678 3828 non
1721 3776 1906 3829 recte
1945 3756 2221 3846 quidem

158 3860 523 3931 sentientes.
592 3856 863 3929 Etenim
884 3859 1301 3949 interrogare
1326 3846 1486 3931 licet
1513 3864 1672 3931 talia
1702 3864 2053 3940 dicentem,
2097 3880 2220 3923 cur

154 3978 275 4024 non
310 3974 377 4027 et
425 3974 500 4029 tu
535 3966 743 4031 servis
786 3988 994 4054 opera
1026 3978 1209 4031 sorte
1240 3960 1622 4049 distribuis,
1665 3966 1764 4032 ita
1809 3978 1890 4029 ut
1917 3960 2219 4050 jugarius

156 4065 335 4148 coqui
381 4066 677 4134 officium
717 4069 997 4135 sortitus
1039 4068 1317 4157 opsonia
1362 4082 1588 4157 paret,
1633 4082 1712 4135 ut
1737 4088 1992 4154 coquus
2021 4067 2220 4154 plau-

158 4168 354 4235 strum
382 4171 583 4260 agat?
624 4183 1025 4261 caeteraque
1061 4172 1469 4261 hujusmodi.
1557 4172 1649 4240 Et
1683 4191 1893 4258 quare
1931 4188 2072 4233 non
2113 4163 2222 4233 fae
