2772 4745
807 435 1490 500 *239*-

156 603 389 674 honoris
439 611 507 666 et
554 599 907 667 amicitiae.
1014 599 1223 690 Quod
1276 609 1506 666 autem
1549 596 1777 664 virtus
1814 601 2092 668 colenda
2133 615 2204 670 et

158 719 393 824 propter
418 729 491 770 ae
510 705 727 794 ipsam
764 689 1147 794 expetenda
1170 701 1283 784 sit,
1320 701 1482 766 hinc
1513 703 1712 766 etiam
1732 704 2084 790 colligitur.
2123 706 2206 774 Si

161 806 305 876 ehim
332 807 477 888 illa,
524 830 698 895 quae
730 807 1057 872 inferiora
1088 829 1207 872 sua
1234 817 1484 870 natura
1513 816 1711 886 sunt,
1757 819 1921 896 puta
1953 831 2206 896 corpo-

59 985 69 1007 ·
162 913 233 980 ris
256 913 437 989 bona,
479 922 761 1015 propter
786 931 859 974 se
883 909 1031 1024 ips'a
1054 906 1452 996 expetimus,
1495 909 1720 974 anima
1745 924 1970 977 autem
2003 935 2208 1000 prae-

64 1010 77 1032 ⁸
160 1015 394 1082 stantior
417 1035 665 1100 corpor
666 1035 725 1093 e,
770 1010 1095 1076 nimirum
1124 1008 1390 1074 animae
1415 1033 1688 1098 quoque
1718 1013 1894 1078 bona
1921 1027 2210 1104 propter

158 1118 285 1208 ipsa,
315 1137 453 1184 non
480 1127 763 1204 propter
788 1137 1027 1183 eorum
1066 1112 1363 1194 effectus,
1407 1127 2195 1202 expetamus..
2319 1203 2330 1218 .

290 1221 367 1290 V.
428 1215 739 1286 Hominis
774 1218 921 1284 vita
968 1215 1188 1282 tribua
1230 1217 1646 1305 temporibus
1689 1219 2027 1304 subjacet.
2084 1233 2208 1288 aut

157 1325 297 1392 enim
352 1321 677 1392 felicitate
718 1319 1011 1401 fruitur,
1069 1331 1191 1386 aut
1230 1319 1612 1386 infortunio
1655 1323 2028 1410 premitur,
2083 1335 2208 1391 aut

158 1429 211 1492 in
234 1425 443 1492 medio
466 1424 823 1510 utriusque
846 1422 1163 1489 fortunae
1207 1422 1406 1510 degit.
1494 1423 1677 1490 Cum
1708 1424 1916 1511 igitur
1945 1425 2208 1494 bonum

152 1549 503 1594 censeamus
522 1527 775 1594 virtute
805 1527 1217 1616 praeditum,
1262 1537 1325 1590 et
1352 1527 1471 1614 qui
1501 1529 1758 1594 virtute
1789 1530 2022 1612 utitur,
2065 1531 2210 1596 uti-

59 1615 61 1618 *
158 1643 247 1694 tur
266 1631 374 1695 ille
398 1653 479 1700 ea
494 1631 711 1698 tribus
734 1628 1175 1718 temporibus,
1206 1640 1325 1704 aut
1344 1630 1414 1694 in
1443 1631 1837 1698 infelicitate
1869 1633 2208 1716 videlicet,

59 1755 62 1764 ’
152 1743 247 1796 aut
270 1732 341 1796 in
370 1729 725 1814 felicitate,
770 1745 891 1800 aut
922 1752 1157 1800 rerum
1184 1728 1259 1796 in
1284 1742 1464 1797 statu
1497 1732 1842 1800 mediocri.
1893 1735 2153 1822 Atqui
2130 1757 2206 1802 m

151 1834 395 1900 adversa
424 1835 701 1919 quidem
730 1835 1009 1902 fortuna
1034 1843 1137 1900 est
1156 1833 1402 1916 miser,
1445 1834 1516 1900 in
1545 1835 1989 1924 prosperitate
2015 1835 2207 1922 felix,

148 1936 205 2002 in
232 1947 405 2004 statu
440 1948 611 2002 ve'ro
650 1937 874 2004 medio
915 1959 1055 2004 non
1080 1937 1339 2004 beatus.
1380 1936 1630 2026 Liquet·
1651 1940 1893 2024 igitur»,
1919 1939 2210 2026 felicita·
2251 1932 2260 1942 ’

152 2050 262 2104 tem
288 2063 427 2104 ease
459 2039 631 2108 nihil
658 2041 837 2106 aliud
872 2061 1072 2126 quam
1102 2063 1301 2108 usum
1333 2035 1604 2108 virtutis
1629 2043 1702 2108 in
1733 2065 2064 2130 prospero
2093 2067 2214 2108 re-

150 2167 279 2206 rum
313 2164 647 2210 successu.
732 2143 1115 2231 Loquimur
1160 2155 1383 2210 autem
1427 2143 1736 2208 hocloco
1770 2145 1856 2210 de
1891 2145 2210 2212 beatitate

59 2307 61 2310 ,
146 2245 437 2312 hominis.
525 2245 748 2312 Homo
781 2257 1009 2314 antem
1042 2256 1470 2318 nonconatat
1500 2253 1766 2312 tantum
1799 2246 2049 2328 anima,
2093 2249 2210 2314 sed
2233 2281 2244 2296 ·-

148 2370 405 2437 corpore
432 2367 725 2437 quoque,
768 2371 926 2415 nam
961 2371 1055 2417 ex
1098 2360 1388 2437 utroque
1429 2350 1682 2417 animal
1711 2360 1780 2416 et
1813 2351 1973 2419 hinc
2001 2352 2210 2419 homo
2275 2376 2280 2382 ·

150 2444 577 2539 componitur.
678 2452 1017 2541 Quamvis
1056 2451 1241 2519 enim
1292 2465 1548 2539 ‘corpus
1591 2451 1856 2519 animae
1887 2454 1968 2517 sit
2007 2476 2212 2542 orga-

144 2576 313 2635 num,
334 2568 563 2621 tamen
594 2565 663 2620 et
696 2556 989 2647 hominis
1008 2578 1164 2643 pars
1192 2566 1328 2635 est3
1360 2554 1590 2619 itidem
1621 2566 1696 2619 et
1711 2556 1974 2621 anima„-
2017 2554 2213 2623 ideo-
2276 2570 2282 2581 '

141 2652 251 2744 que
280 2669 343 2721 et
368 2658 547 2723 bona
564 2654 695 2723 alia
727 2658 1000 2743 quidem
1032 2670 1193 2723 sunt
1207 2656 1526 2739 hominis,
1555 2656 1870 2749 alia'vero
1889 2662 2210 2749 partium.

144 2762 229 2827 Ac
274 2756 566 2825 hominis
604 2760 883 2847 quidem
934 2759 1197 2841 bonum
1237 2760 1552 2843 felicitas,
1609 2760 1910 2849 partium
1953 2775 2209 2849 autem,

146 2863 390 2927 animae
433 2861 709 2949 quidem
754 2864 1159 2954 prudentia,
1203 2861 1574 2944 fortitudo,
1615 2864 1900 2949 justitia,
1946 2876 2214 2953 tempe-

142 2963 378 3029 tantia:
435 2964 737 3052 corporis
783 2988 949 3032 vero
989 2964 1243 3049 forma,
1298 2966 1611 3049 'sanitas‚'
1632 2967 1812 3033 bona
1859 2968 2212 3048 habitudo,

146 3062 463 3153 integritas
493 3088 851 3134 sensuum:
896 3078 1408 3163 externayero,
1451 3090 1646 3157 opes,
1685 3068 1921 3156 gloria,
1965 3068 2210 3151 honor,

146 3168 457 3251 nobilitas,
503 3168 725 3235 solent
756 3171 1117 3237 accessoria
1144 3194 1281 3237 esse
1319 3170 1647 3253 hominis,
1704 3183 1772 3235 et
1820 3157 2212 3239 comitantia

150 3293 215 3333 ea
234 3270 441 3353 bona,
484 3292 661 3359 quae
686 3284 931 3339 natura
954 3272 1218 3361 potiora
1246 3275 1606 3362 prioraque
1634 3286 1824 3341 sunt:
1871 3274 2134 3339 minora
2171 3295 2208 3338 e

146 3372 465 3455 bouniis,
527 3392 705 3459 quae
748 3374 1009 3460 majora
1052 3388 1248 3453 sunt,
1295 3379 1484 3465 quasi
1531 3378 1877 3460 satellites,
1922 3376 2210 3462 adstant,

146 3475 427 3543 amicitia
440 3474 718 3562 quidem
732 3487 803 3541 et
822 3476 1037 3563 gloria
1056 3488 1123 3543 et
1136 3477 1410 3545 divitiae
1432 3502 1676 3581 corpor
1675 3482 1696 3546 i
1709 3493 1908 3568 atque
1922 3480 2208 3563 animae,
2263 3516 2266 3521 ·
2375 3466 2383 3471 ”

143 3576 370 3642 sanitas
430 3598 597 3643 vero
642 3589 709 3643 et
762 3580 977 3645 robur
1019 3592 1087 3645 et
1132 3602 1454 3651 sensuum
1500 3584 1846 3669 integritas
1905 3584 2213 3650 animae.

140 3678 488 3763 prudentia
532 3691 765 3745 autem
796 3692 861 3746 et
890 3678 1216 3749 fortitudo
1246 3696 1315 3751 et
1362 3686 1812 3774 temperantia
1847 3696 1915 3751 et
1957 3686 2216 3767 justiti&

140 3778 495 3848 intellectui
520 3782 824 3849 animae.
856 3782 1237 3851 intellectus
1262 3796 1488 3855 autem
1519 3790 1714 3855 Deo
1691 3790 1854 3877 1psi.
1899 3788 2010 3853 ille
2027 3786 2212 3853 enim

138 3894 593 3974 estsupremus
606 3898 679 3952 et
697 3885 1134 3973 gubernator,
1163 3890 1506 3980 hujusque
1523 3914 1720 3959 causa
1735 3890 1994 3977 reliqua
2009 3910 2214 3977 prae*

134 3996 223 4052 sto
248 4000 427 4054 sunt.
512 3986 861 4057 Exercitui
893 3990 1073 4057 enim
1108 4006 1371 4080 p1aeest
1401 3996 1796 4083 imperator,
1829 3992 2050 4060 nautis
2083 4012 2212 4078 gu-

136 4086 461 4177 bernator,
508 4092 769 4159 mundo
796 4104 1027 4163 antem
1054 4094 1271 4179 Deus,
1314 4098 1582 4163 animae
1613 4120 1772 4197 vero
1801 4117 1992 4162 mens
2022 4094 2208 4185 ipsa·

132 4186 511 4262 felicitatem
568 4210 799 4263 autem
860 4200 1225 4287 praesentis
1275 4202 1454 4266 vitae
1515 4211 1648 4265 tem
1659 4212 1852 4287 perat
1897 4196 2204 4283 regitque
2313 4250 2332 4271 ,

130 4295 509 4378 prudentia·
558 4300 732 4367 nihi-l
762 4300 941 4369 enim
972 4300 1148 4367 aliud
1183 4303 1536 4393 prudffltia
1569 4315 1706 4385 est,
1751 4324 1950 4390 quarn
1987 4300 2206 4367 scien-

472 4600 477 4605 Δ
542 4576 581 4597 l
