2772 4745
833 420 1521 485 *813*-

175 584 346 653 ratio.
427 582 554 651 Est
591 594 826 649 autem
867 581 1228 668 decorum,
1271 582 1459 671 ’ςιισᾶ
1502 604 1643 649 esse
1676 582 1901 649 deceta
1944 585 2013 651 id
2052 586 2249 681 quon
2358 592 2365 599 ’

177 710 288 753 nec
323 684 480 752 addi
527 684 900 771 quidquam
939 708 1066 751 nec
1090 683 1276 751 demi
1302 686 1635 775 postulat,
1680 686 2239 775 quandoquidem

173 790 408 877 ipsum,
483 786 666 873 quod
711 808 850 860 esse
897 787 1090 853 decet
1105 832 1157 867 ‚-
1203 798 1322 853 est.
1381 786 1730 855 ‘Indecori
1773 810 1943 859 vero
1980 793 2237 879 species

175 894 328 957 duae
365 900 564 973 sunt,
609 890 822 955 altera
865 890 1140 976 quidem
1181 890 1543 973 excessio„
1581 892 1795 959 altera
1832 906 2065 961 autem
2115 894 2239 961 de-

171 991 387 1059 fectum
431 1003 504 1057 et
545 1012 852 1058 excessus
901 990 1182 1077 quidem
1219 991 1374 1079 plus
1416 1005 1526 1061 „est
1566 1016 1771 1081 quam
1816 995 2047 1077 decet,
2112 996 2239 1063 de..

171 1092 366 1161 fectus
405 1116 576 1159 vero
623 1090 872 1159 minus.
972 1090 1228 1169 Virtus,
1251 1104 1477 1161 autem
1520 1094 1746 1163 decori
1794 1109 1897 1165 est
1940 1097 2233 1183 habitus,

181 1196 468 1283 quocirca
491 1192 724 1263 statim
751 1214 1023 1281 quoque
1051 1206 1120 1259 et
1135 1212 1535 1283 supremum
1568 1208 1665 1261 est
1692 1209 1761 1261 et
1782 1199 2089 1267 medium
2111 1229 2131 1267 z
2165 1214 2234 1269 et

177 1300 432 1365 virtutes
461 1320 704 1363 omnes
725 1299 818 1362 ‘et
839 1297 1068 1363 media
1095 1310 1258 1363 sunt
1285 1309 1358 1363 et
1379 1320 1740 1389 suprema,
1780 1301 2231 1391 media,·qu0-

72 1388 85 1453 ‚'
163 1401 328 1465 niam
363 1400 550 1467 inter
593 1420 938 1467 excessum
977 1410 1044 1465 et
1071 1396 1415 1465 defectum
1461 1400 1863 1467 constitutae
1891 1414 2071 1487 sunt,
2096 1428 2223 1473 su·-

165 1524 412 1591 prema,
457 1500 784 1587 quoniam
821 1524 948 1567 nec
987 1499 1150 1569 addi
1185 1501 1555 1589 quidquam
1594 1524 1723 1569 nec
1765 1503 1947 1571 demi
1989 1521 2234 1595 postu-

165 1606 324 1671 lant
297 1652 324 1687 ,
363 1602 936 1697 quandoquidem,
965 1602 1150 1693 quod
1191 1626 1332 1669 esse
1361 1605 1587 1687 decet,
1626 1604 1837 1693 ipsae
1840 1620 2021 1679 sunt.

317 1704 898 1798 Quandoquidem
943 1703 1220 1773 moralis
1261 1704 1487 1773 virtus
1530 1706 1707 1775 eirca
1755 1708 2031 1777 affectus
2072 1738 2239 1781 ver-

161 1822 352 1893 satur,
391 1807 762 1879 affectuum
803 1821 1032 1875 autem
1075 1808 1382 1897 supremi
1418 1822 1789 1877 consentin
1816 1798 2127 1901 voluptas
2160 1830 2231 1885 et

167 1914 384 1993 dolor,
425 1922 646 2001 patet,
699 1934 842 1981 non
885 1913 962 1979 in
991 1934 1072 1977 eo
1115 1912 1439 1979 virtutem
1478 1932 1619 1977 esse
1656 1912 1981 1999 positam,
2028 1929 2103 1984 ut
2134 1940 2233 1987 ex
2314 1914 2323 1939 ⁶

163 2013 366 2079 animo
389 2014 668 2105 penitus
695 2014 1080 2083 evellantur
1107 2014 1413 2096 affectus,
1440 2014 1759 2103 voluptas
1784 2027 1853 2082 et
1868 2006 2079 2104 dolor,
2110 2024 2227 2091 sed

165 2128 234 2181 ut
258 2115 386 2205 apti
419 2139 630 2205 congr
633 2117 836 2206 nique
857 2118 1252 2187 reddantur.
1293 2114 1565 2183 Etenim
1596 2138 1725 2183 nee
1752 2119 2023 2205 sanitas,
2052 2146 2231 2209 quae

164 2219 446 2309 corporis
489 2218 890 2298 facultatum
929 2219 1262 2312 quaedam
1285 2230 1384 2285 est
1410 2220 1593 2285 bona
1626 2222 2007 2311 tempexiss,
2032 2212 2125 2293 in'
2142 2250 2224 2295 eo

159 2322 460 2410 ponitur,
517 2332 596 2388 ut
634 2320 876 2411 frigus,
937 2324 1160 2404 calor,
1233 2322 1491 2389 humor
1532 2332 1602 2388 et
1646 2320 1911 2392 siccitas
1950 2350 2229 2416 prorsus

161 2425 504 2506 tollantur,
549 2447 798 2492 verum
840 2438 924 2492 ut
964 2423 1499 2516 permisceantur
1544 2436 1731 2514 apte,
1776 2447 1935 2494 cum
1966 2431 2052 2497 ait
2072 2432 2235 2500 illo-

157 2550 298 2594 rum
337 2527 672 2616 quaedam
713 2549 1034 2594 mensura
1079 2527 1491 2598 conveniens
1512 2551 1533 2590 ε
1572 2549 1699 2592 nec
1735 2527 1811 2592 in
1840 2531 2131 2618 musica,
2172 2537 2237 2604 si
2296 2553 2301 2560 ·

158 2644 412 2697 acutum
451 2642 524 2695 et
565 2647 775 2713 grave
797 2631 1152 2710 tollantur,
1195 2640 1559 2695 concentus
1590 2627 1847 2712 oritur,
1891 2653 2137 2700 verum
2170 2637 2231 2702 si

165 2743 306 2820 apte
349 2729 922 2820 permisceantur,
975 2746 1126 2800 tum
1171 2743 1529 2796 concentus
1584 2729 1815 2798 existit
1856 2744 1924 2798 et
1968 2736 2269 2804 tollitur·

161 2857 384 2902 vocum
415 2829 847 2902 dissonantia.
935 2833 1264 2904 Similiter
1292 2835 1539 2914 calore,
1582 2833 1865 2924 trigore,
1906 2817 2229 2922 bumore,

161 2936 436 3004 siccitate
473 2936 883 3024 permistis
834 2984 855 3020 ,
883 2947 984 3002 et
1023 2934 1272 3004 sanitas
1309 2935 1594 3020 oritur,
1605 2947 1674 3010 et
1714 2937 1995 3027 morbus
2044 2943 2235 3010 tolli-

161 3051 282 3106 tur.
361 3039 604 3126 Neque
649 3037 848 3108 aliter
871 3038 1224 3106 iracundia
1248 3049 1317 3104 et
1345 3037 1709 3126 cupiditate
1736 3052 1917 3108 recte
1944 3065 2232 3134 compo-

163 3141 288 3208 sitis
329 3154 398 3208 et
437 3141 615 3208 vitia
655 3164 810 3208 cum
847 3140 1481 3231 perturbationibus
1512 3139 1959 3225 eximuntur„
1986 3157 2057 3210 et
2088 3147 2236 3212 vir-

163 3255 318 3312 tutes
369 3265 737 3330 moresque
799 3244 1137 3310 existunt..
1201 3241 1328 3308 Est
1365 3251 1599 3308 autem
1645 3243 1919 3310 virtutis
1956 3249 2231 3316 moralis

165 3347 446 3416 maxime
471 3347 758 3438 propria
798 3347 1114 3414 voluntas
1144 3344 1252 3410 vel
1273 3343 1531 3424 electio,
1566 3343 1843 3430 quaein
1868 3349 2075 3418 rebus
2096 3351 2235 3418 ho·-

165 3453 350 3520 nestis
399 3463 522 3520 est.
609 3449 888 3518 Etenim
931 3449 1200 3521 ratione
1231 3467 1312 3512 ac
1335 3445 1655 3513 facultate
1681 3447 1883 3516 etiam
1910 3452 2054 3520 sine
2079 3456 2233 3524 vir-

173 3565 304 3620 tute
327 3556 432 3622 uti
459 3553 658 3637 licet,
699 3553 1052 3619 voluntate
1079 3574 1222 3618 non
1243 3551 1437 3616 licet:
1480 3572 1755 3640 prorsus
1790 3553 1975 3620 enim
2004 3557 2263 3645 omnis,

169 3653 242 3720 de
275 3641 582 3724 moribus
624 3653 1006 3722 aestimatio
1048 3678 1091 3721 a
1128 3653 1479 3721 voluntate
1522 3653 1799 3740 petitur.
1900 3655 2234 3748 Quapro-

166 3769 301 3845 pter
333 3771 402 3828 et
439 3781 568 3850 per
611 3755 756 3824 vim
783 3755 1126 3845 imperans
1155 3749 1545 3824 iracundiae
1573 3767 1641 3822 et
1670 3757 2025 3846 cupiditati
2054 3763 2230 3828 ratio

175 3861 642 3930 continentiam
682 3881 762 3926 ac
803 3857 1236 3926 tolerantiam
1259 3857 1490 3947 parit:
1527 3873 1618 3929 ot
1660 3881 1782 3950 per
1821 3861 1969 3931 vim
1997 3887 2236 3932 rursus

171 3962 298 4049 ipsa
343 3975 584 4032 exacta
623 3959 708 4028 ab
755 3961 1256 4034 irrationalibus
1300 3959 1603 4044 (animae
1624 3959 1965 4047 partibus)
1997 3964 2236 4032 incon-

173 4065 508 4134 tinentiam
553 4076 622 4130 et
645 4063 1042 4148 mollitiem„
1109 4063 1471 4130 Caeterum
1494 4064 1661 4128 tales
1691 4064 1901 4130 animi
1930 4067 2237 4133 affectio-

171 4189 276 4234 nes
321 4179 390 4234 et
435 4166 878 4256 imperfectae
923 4166 1238 4252 virtutes,
1281 4178 1349 4234 et
1385 4167 1787 4256 imperfecta
1834 4163 1993 4234 sunt
2035 4169 2191 4236 vitia
2212 4199 2231 4236 ι
