2772 4745
1176 297 1226 347 ,ι

840 442 1528 526 —327-...2

55 665 57 668 >
171 620 499 710 batur,qu1
525 620 999 710 interrogatus,
1034 625 1303 744 quand-o
1338 648 1446 692 res
1483 648 1637 693 cum
1668 589 1916 697 uxore.
1915 615 2085 698 οεὲίιι
2109 627 2241 700 ha·-

170 727 394 808 benda,
435 725 821 813 respondit.
876 727 1053 794 Cum
1086 730 1390 796 maxime
1419 725 1594 800 laedi
1619 733 1824 799 voles.
1905 749 1913 754 “
1963 817 1974 828 ,

205 1015 309 1084 Ex
358 1013 763 1084 CRITONE-
796 1017 973 1086 VEL
1015 921 1528 1087 DAiiASIPPo
1571 1021 2186 1093 PYTHAGOREO

412 1135 495 1190 IN
534 1133 763 1190 Lumo
792 1129 893 1190 DE
918 1135 1344 1193 PRUDENTIA
1365 1137 1466 1192 ΕΤ
1494 1139 1952 1202 FELICITATE.

314 1253 365 1323 1.
400 1253 917 1323 PRUDENTIA
948 1267 1015 1322 et
1042 1257 1217 1359 bona
1229 1255 1507 1325 fortuna
1529 1257 1622 1326 sic
1643 1280 1715 1326 se
1740 1261 1992 1330 habent
2015 1265 2225 1378 altera

171 1359 240 1426 ad
280 1359 583 1458 alteram,
634 1369 712 1422 ut
756 1360 1131 1446 prudentia
1158 1340 1462 1428 rationis·
1470 1386 1547 1427 ac
1573 1363 1903 1431 sermonis
1933 1364 2024 1430 sit
2055 1389 2225 1464 parf·

164 1467 377 1552 ticeps,
414 1460 987 1550 quandoquidem
1041 1462 1432 1532 ordinatum
1480 1453 1808 1553 quiddam
1853 1479 1923 1532 et
1967 1450 2220 1534 defini-

164 1581 292 1635 tum
316 1577 443 1648 est,
486 1565 668 1630 bona
694 1577 928 1631 autem
955 1564 1279 1632 fortuna
1257 1591 1329 1634 ιιι
1358 1567 1693 1634 rationem
1727 1593 1804 1637 ac
1832 1571 2222 1637 sermonem

164 1693 286 1737 non
331 1613 561 1747 cadat,
620 1667 1165 1756 quandoquidem
1230 1680 1301 1736 et
1354 1669 1713 1738 confusum
1760 1681 1828 1738 et
1869 1671 2214 1748 infinitum

154 1767 455 1860 'quiddam
498 1781 617 1834 est.
702 1764 824 1836 Illa
862 1769 1056 1860 prior
1101 1781 1200 1835 est
1221 1769 1544 1858 dignitate
1578 1785 1646 1840 et
1671 1774 2008 1864 potentia,
2011 1775 2213 1840 'haee

160 1875 365 1964 utique
392 1873 775 1962 posterior.
788 1871 961 1938 Nam
992 1881 1072 1938 ut
1094 1870 1207 1938 illa
1233 1873 1605 1960 gubernare
1629 1898 1708 1943 ac
1741 1871 2146 1944 determinar
2150 1900 2210 1971 e,

157 1975 237 2043 ita
248 1975 596 2080 gubernari
610 1971 779 2042 haec
805 1985 875 2039 et
899 1972 1250 2042 terminari
1276 1977 1466 2048 solet.
1509 1979 1982 2051 Veruntamen
2009 2001 2206 2047 com-

154 2061 413 2169 ponitur
426 2092 836 2166 utrumque,
879 2098 1035 2142 cum
1064 2073 1430 2166 prudentia
1463 2103 1540 2146 ac
1571 2082 1748 2150 bona
1775 2078 2046 2150 fortuna
2081 2103 2205 2144 eo-

157 2185 291 2249 dem
328 2189 765 2248 concurrunt.
852 2177 1137 2270 Semper
1178 2181 1438 2247 etenim
1462 2183 1740 2252 rationis
1773 2207 1849 2250 ac
1875 2179 2203 2248 sermonis

154 2286 453 2376 particeps
474 2293 721 2349 natura
742 2280 990 2346 habere
1018 2281 1237 2368 debet,
1267 2284 1448 2368 quod
1475 2284 1751 2352 definiat
1771 2299 1980 2376 atque
2012 2307 2204 2350 com-

151 2400 367 2477 ponat:
422 2384 699 2453 rationis
742 2396 811 2451 et
852 2384 1181 2449 seimonis
1224 2408 1508 2474 expers,
1583 2412 1624 2455 a
1669 2412 1802 2475 quo
1841 2384 2201 2453 definiatur

150 2498 329 2576 atque'
364 2490 850 2577 componatur,
920 2485 1188 2552 habere.
1288 2488 1402 2555 Sic
1446 2491 1633 2557 enim
1657 2502 1743 2555 et
1789 2488 2092 2555 infinitae
2133 2498 2198 2552 et

146 2592 413 2658 finientis
438 2601 721 2658 naturae
736 2588 907 2654 ratio
936 2610 1063 2678 per
1093 2584 1320 2654 omnia
1345 2614 1418 2676 se
1451 2590 1672 2673 habet,
1702 2604 1802 2667 ut,
1833 2612 2004 2681 quae
2035 2590 2195 2675 qui-

147 2694 280 2759 dem
325 2690 584 2761 infinita
618 2690 792 2774 sint,
834 2688 979 2756 ab
956 2690 1059 2774 lis,
1125 2711 1297 2779 quae
1319 2694 1652 2762 rationem
1680 2706 1747 2759 et
1767 2692 2198 2791 prudentiam

153 2798 446 2883 habeant3
487 2806 731 2863 natura
760 2792 1085 2859 finiantur
1116 2805 1183 2858 et
1215 2784 1734 2885 componantur,
1777 2783 2201 2885 quandoqui-

150 2900 284 2969 dem
306 2898 624 2968 materiae
649 2910 717 2962 et
742 2894 1155 2999 substantiae
1182 2896 1407 2965 locum
1447 2908 1717 2963 tenent.
1763 2920 1932 2984 quae
1962 2912 2192 2964 autem

147 3002 365 3073 finiunt
390 3000 819 3091 (ordinant),
866 3023 907 3065 a
948 3022 1093 3065 sese
1125 3000 1684 3093 compositionem
1713 3000 2189 3067 eet-finitionem

149 3120 322 3173 nacta
356 3094 550 3187 sunt,
622 3102 1167 3191 quandoquidem
1227 3104 1390 3168 artis
1440 3119 1508 3167 et
1550 3101 1802 3167 efficien
1815 3100 1892 3165 tis
1945 3122 2183 3167 causae

142 3208 339 3276 locum
382 3218 650 3299 gerunt.
734 3202 949 3293 [Stob.
983 3204 1201 3273 Serm.
1228 3204 1359 3277 III.
1391 3205 1475 3270 de
1501 3202 1930 3294 prudentia]

204 3330 213 3343 ·
286 3312 370 3378 11.
410 3310 670 3378 Harum
721 3304 929 3397 porro
978 3319 1374 3374 naturarum
1429 3307 1504 3371 in
1548 3308 1751 3371 variis
1778 3306 1980 3399 iebus
2011 3304 2187 3372 sacta.

149 3414 511 3505 compositio
554 3432 871 3499 magnam
917 3421 986 3475 et
1036 3408 1299 3475 variam
1340 3390 1616 3497 peperit
1663 3388 2190 3497 compositoiutn.

147 3514 774 3585 differentiam.1n
819 3512 1131 3579 universo
1170 3509 1480 3598 primum
1523 3510 1864 3594 utriusque
1905 3519 2190 3573 naturae

147 3615 537 3707 compositio,
577 3630 725 3683 tum
752 3636 923 3706 quae
948 3635 1217 3703 semper
1242 3635 1400 3677 mox
1405 3622 1494 3693 et,
1537 3624 1684 3679 tum
1714 3632 1889 3698 quae
1917 3630 2186 3695 semper

143 3720 401 3811 patitur,
441 3718 739 3785 mundus
791 3712 908 3783 est.
993 3718 1129 3783 Nec
1156 3713 1337 3781 enim
1364 3712 1561 3781 aliter
1587 3736 1820 3781 rerum
1849 3708 2186 3777 universi-

143 3831 222 3887 tas
262 3834 483 3907 posset
525 3821 707 3893 salva
747 3840 1057 3895 manere,
1115 3818 1241 3884 nisi
1284 3830 1349 3883 et
1395 3830 1700 3901 creatum
1746 3836 1901 3881 cum
1931 3809 2185 3895 divino,

142 3934 199 3987 et
230 3920 401 4009 quod
444 3944 711 4031 semper
750 3922 1009 4013 patitur
1054 3944 1210 3988 cum
1252 3942 1364 4000 eo,
1408 3918 1583 4006 quol
1619 3940 1888 4032 semper
1928 3922 2184 3991 movet,

138 4020 346 4088 fuisset
386 4011 848 4139 compositum.
888 4020 1022 4087 'In
1062 4022 1339 4089 homine
1380 4042 1546 4085 vero
1593 4043 1716 4111 pai
1721 4016 1801 4083 tis
1835 4012 2038 4080 animi
2071 4036 2187 4077 ra-

138 4124 297 4190 tione
322 4126 625 4193 carentis
630 4148 784 4191 cum
810 4104 1093 4191 rationis
1125 4134 1436 4213 compote
1462 4110 1814 4188 concordia
1845 4118 1922 4181 fit
1947 4116 2187 4181 virtus.

142 4226 371 4318 Nequit
387 4229 572 4297 enim
592 4228 744 4294 h'eic
761 4225 1364 4313 (dissentientibus
1344 4236 1524 4293 mter
1549 4248 1622 4290 se
1653 4236 1776 4313 pai
1763 4218 1964 4286 tibus
1982 4206 2191 4283 utris-
