2772 4745
851 412 1537 479 *815*-

195 582 351 651 ratio
373 570 556 651 eniin
587 580 662 647 in
687 580 818 649 illis
835 597 1000 649 sana
1011 590 1132 662 est,
1157 578 1587 647 irrationales
1614 590 1841 659 antem
1856 580 2067 649 animi
2087 604 2251 672 par-

197 700 276 752 tes
323 688 664 775 languent.
761 684 854 751 Et
903 692 1232 770 quatenns
1267 680 1541 773 quidem
1568 704 1609 747 a
1638 680 1917 747 rationis
1942 695 2251 773 compote

113 818 118 827 ·
202 780 390 855 animi
427 800 628 879 parte
661 786 766 851 ira
809 797 878 851 et
911 786 1242 874 cupiditas
1276 796 1639 873 reguntur,
1682 784 1973 851 virtutes
1998 786 2261 855 haben-

195 905 292 957 tur
331 890 752 959 continentia
797 902 870 954 et
897 887 1294 955 tolerantia:
1343 898 1677 973 quatenus
1696 898 1929 958 autem
1964 911 2087 978 per
2112 894 2253 957 vim

194 994 360 1078 hoc,·
385 1016 526 1059 non
554 1004 798 1081 sponte
823 990 938 1075 fit,
979 1001 1140 1082 sunt
1170 989 1372 1058 vitia:
1418 989 1623 1055 debet
1654 989 1837 1055 enim
1868 989 2089 1059 virtus
2118 1018 2255 1062 non

193 1098 598 1178 cumdolore,
614 1095 732 1159 sed
763 1116 916 1161 cum
955 1093 1302 1180 voluptate
1325 1090 1545 1158 officio
1576 1114 1701 1158 suo
1720 1090 2018 1180 defungi.
2063 1096 2258 1183 Qua-

199 1211 378 1264 tenus
414 1218 654 1264 rursus
683 1182 1116 1287 imperantes
1155 1194 1415 1273 rationi,
1436 1195 1541 1260 ira
1568 1206 1639 1259 et
1666 1194 1995 1285 cupiditas
2028 1198 2259 1263 molli-
2340 1226 2345 1233 ’

190 1301 332 1365 tiem
360 1310 430 1365 >et
443 1298 1008 1367 incontinentiam
1041 1308 1430 1388 procreant,
1460 1296 1635 1361 vitia
1664 1294 1831 1361 haee
1856 1308 2053 1365 sunt:
2084 1324 2259 1388 qua-

189 1414 362 1469 tenns
401 1422 566 1468 vero
613 1422 776 1467 eum
811 1400 1050 1467 dolore
1101 1396 1735 1486 perturbationibus
1760 1399 2257 1489 gratificantur,

185 1504 332 1571 dum
361 1502 716 1591 (quoniam
743 1524 950 1567 sanus
977 1512 1080 1567 est
1105 1501 1322 1571 animi
1353 1502 1623 1579 oculus)
1666 1501 1897 1574 sciant,
1934 1524 2011 1566 se
2038 1504 2259 1573 delin-

185 1628 398 1693 quere,
435 1628 586 1671 non
631 1606 823 1689 vitia,
853 1604 966 1677 sod
1003 1624 1268 1669 errores
1309 1602 1621 1686 habenda
1648 1602 1945 1669 veniunt.
2031 1607 2259 1676 Mani..

185 1708 416 1777 festum
467 1708 572 1773 es‘t
599 1708 806 1782 enim.
845 1718 1090 1795 sponte
1133 1721 1204 1772 et
1243 1706 1629 1772 voluntario
1658 1704 1989 1775 virtutem
2018 1708 2263 1779 debere

183 1812 462 1879 officium
495 1810 741 1879 facere.
827 1811 918 1877 Et
939 1830 1100 1877 cum
1119 1810 1471 1875 voluntate
1500 1807 1779 1895 quidem
1802 1813 2259 1899 'conjunctum

181 1914 350 2001 quod
375 1926 498 1995 est,
537 1934 678 1979 uon
707 1924 891 1981 caret
916 1912 1270 2001 voluptate
1303 1922 1370 1976 et
1402 1908 1779 1991 hilaritate,
1826 1919 2003 1997 quod
2030 1932 2259 1988 autem

179 2018 242 2084 vi
267 2020 548 2107 cogitur,
567 2016 806 2081 dolore
831 2026 900 2079 et
935 2026 1116 2081 metu
1149 2036 1292 2093 non
1319 2026 1526 2082 caret.
1572 2017 1757 2107 Quid
1788 2020 1994 2107 quod,
2016 2020 2265 2091 simul-

183 2134 372 2209 atque
413 2102 816 2187 institu‘atur
867 2114 1140 2195 divisio,
1216 2118 1384 2182 haec
1422 2118 1519 2183 ita
1558 2142 1631 2185 se
1674 2120 1933 2190 habere
1978 2142 2263 2214 compe-

179 2224 494 2289 flentur?-
571 2216 846 2287 Etenim
895 2217 1186 2305 cognitio
1237 2240 1473 2286 rerum
1524 2233 1589 2287 et
1626 2222 1957 2313 inspectio
1978 2228 2267 2315 ‘ratione

180 2324 520 2415 praeditae
577 2333 678 2388 est
721 2321 936 2389 animi
984 2320 1231 2408 partis,
1291 2322 1395 2388 vis
1438 2325 1685 2411 agendi
1730 2326 2270 2404 autem‘ratione

179 2430 496 2511 carentis,
551 2423 888 2512 siquidem
945 2421 1290 2490 laboribus
1343 2425 1571 2512 frangi
1612 2428 1929 2515 vincique
1962 2454 2003 2497 a
2058 2435 2269 2500 volu-

179 2543 360 2620 ptate
381 2529 650 2600 ratione
677 2525 968 2592 carentis
993 2525 1352 2616 proprium
1386 2539 1483 2592 est
1509 2527 1720 2598 animi
1750 2533 1979 2620 partis.
2008 2533 2271 2604 Electio

176 2645 404 2700 autem
431 2645 508 2698 et'
533 2631 846 2698 voluntas
871 2627 948 2694 iu
979 2639 1266 2718 utraque
1291 2629 1632 2718 cernitur,
1678 2645 1745 2700 et
1770 2634 2054 2702 rationis
2078 2661 2272 2706 com-

175 2749 360 2824 pote,
397 2748 468 2800 et
493 2744 780 2822 experte
811 2731 1022 2798 animi
1049 2745 1266 2822 parte.
1357 2735 1537 2804 Cum
1574 2737 1753 2804 enim
1776 2759 1861 2804 ex
1888 2737 2275 2828 intelligen-

171 2842 264 2906 tia
309 2853 384 2906 et
421 2837 734 2930 appetitu
779 2845 1090 2917 constet‚.
1113 2834 1230 2902 illa
1261 2836 1346 2904 ad
1379 2839 1669 2906 rationis
1696 2854 2117 2931 compotem,
2163 2845 2275 2910 hic
2364 2888 2371 2896 -

177 2942 258 3008 ad
303 2951 666 3030 expertem
686 2935 1022 3004 refertur.
1107 2935 1579 3027 Quamobrem
1616 2956 1686 3012 et
1714 2947 1933 3012 virtus
1960 2949 2176 3014 omnis
2200 2949 2277 3014 in
2335 2926 2343 2938 ι

175 3046 500 3134 partibus
547 3038 762 3108 animi
787 3041 1268 3131 componendis
1293 3047 1511 3133 posita
1542 3061 1675 3131 est,
1718 3061 1791 3114 et
1826 3050 2137 3116 voluntas
2169 3061 2279 3118 at-

176 3171 306 3237 que
335 3145 588 3212 electio
613 3163 892 3232 prorsus
915 3143 990 3208 in
1015 3145 1269 3210 virtute
1301 3161 1699 3214 cernuntur.

345 3251 446 3318 II.
487 3245 718 3322 Animi
771 3245 1158 3314 constitutio
1195 3247 1292 3314 sic
1333 3271 1407 3316 se
1452 3250 1693 3334 habet,
1735 3261 1813 3315 ut
1852 3271 1993 3316 una
2022 3252 2113 3320 sit
2140 3257 2285 3343 ejus
2342 3267 2355 3304 ‘-

177 3375 334 3442 pars
391 3349 614 3425 ratio,
679 3339 894 3415 altera
939 3347 1322 3433 iracundia,
1390 3353 1599 3418 tertia
1646 3353 2001 3444 cupiditas.
2090 3357 2283 3427 Ratio
2380 3435 2399 3444 -

177 3453 606 3544 cognitioni,
649 3451 758 3516 ira
801 3451 1064 3535 robori,
1123 3452 1455 3542 cupiditas
1496 3457 1829 3544 appetitui
1866 3459 1985 3539 (vi
2028 3483 2289 3528 concu-

175 3557 530 3650 piscendi)
567 3563 834 3646 praeest
871 3553 1228 3646 intrepide.
1315 3557 1499 3626 Cum
1528 3557 1737 3643 igitur
1760 3561 1929 3628 haec
1952 3563 2083 3630 tria
2114 3563 2286 3628 bene

177 3671 578 3750 temperata
611 3658 687 3724 in
719 3671 1477 3744 unum-convenerunt,
1521 3673 1669 3737 tum
1700 3665 1923 3732 virtus
1952 3665 2025 3732 in
2059 3668 2288 3733 animo

175 3763 498 3854 gignitur
541 3771 611 3826 et
655 3760 1050 3834 eoncordia
1097 3783 1255 3828 cum
1297 3785 1423 3853 per
1460 3765 1855 3834 seditionem
1884 3767 2065 3834 inter
2084 3793 2155 3834 se
2180 3767 2289 3834 di-

177 3869 620 3948 velluntur-,⁸
642 3863 893 3932 vitium
932 3863 1164 3930 oritur
1183 3877 1384 3953 atque
1416 3865 1772 3938 discordia.
1862 3869 2033 3939 Sunt
2062 3882 2292 3938 autem

179 3969 444 4038 virtuti
497 3967 666 4034 haee
691 3969 824 4036 tria
861 3968 1276 4051 necessaria,
1358 3968 1565 4050 ratio,
1624 3970 1905 4058 facultas
1935 3985 2001 4036 et
2030 3973 2291 4038 eiectio.
2404 3987 2419 4012 ⁸

183 4075 336 4142 Jam
393 4069 674 4136 rn'tione
713 4072 1060 4162 praeditae
1115 4072 1337 4138 animi.
1369 4075 1583 4161 partis
1608 4076 1833 4143 virtus
1865 4087 1961 4140 est
1990 4077 2300 4164 pruden-

182 4180 317 4261 tia,
407 4170 746 4262 quoniam
799 4173 1038 4265 judicii
1079 4185 1148 4242 et
1193 4177 1777 4268 contemplationis
1818 4179 2152 4270 particeps
2204 4189 2301 4246 est
